%% This BibTeX bibliography file was created using BibDesk.
%% https://bibdesk.sourceforge.io/

%% Created for Ulrich Groh at 2023-01-03 13:09:51 +0100 


%% Saved with string encoding Unicode (UTF-8) 


@comment{jabref-meta: databaseType:biblatex;}



@article{weinstein:2013,
	author = {Weinstein, Galina},
	date-added = {2023-01-03 12:37:26 +0100},
	date-modified = {2023-01-03 12:43:19 +0100},
	doi = {10.48550/ARXIV.1310.1033},
	journal = {arXiv physics.hist-ph},
	keywords = {History and Philosophy of Physics },
	publisher = {arXiv},
	title = {George Gamow and Albert Einstein: Did Einstein say the cosmological constant was the "biggest blunder" he ever made in his life?},
	year = {2013},
	bdsk-url-1 = {https://arxiv.org/abs/1310.1033},
	bdsk-url-2 = {https://doi.org/10.48550/ARXIV.1310.1033}}

@article{kahle:2015,
	abstract = {In this programmatic paper we renew the well-known question ``What is a proof?''. Starting from the challenge of the mathematical community by computer assisted theorem provers we discuss in the first part how the experiences from examinations of proofs can help to sharpen the question. In the second part we have a look to the new challenge given by ``big proofs''.},
	author = {Kahle, Reinhard},
	date-added = {2023-01-02 13:47:14 +0100},
	date-modified = {2023-01-02 14:43:56 +0100},
	doi = {10.1007/s10516-014-9252-9},
	journal = {Axiomathes},
	number = {1},
	pages = {79--91},
	title = {What is a Proof?},
	volume = {25},
	year = {2015},
	bdsk-url-1 = {https://doi.org/10.1007/s10516-014-9252-9}}

@article{kahle:2018,
	author = {Reinhard Kahle and Isabel Oitavem},
	date-added = {2023-01-02 09:38:46 +0100},
	date-modified = {2023-01-02 09:42:55 +0100},
	doi = {doi:10.2478/kjps-2018-0001},
	journal = {Kairos. Journal of Philosophy \& Science},
	number = {1},
	pages = {1--11},
	title = {What is Hilbert's 24th Problem?},
	volume = {20},
	year = {2018},
	bdsk-url-1 = {https://doi.org/10.2478/kjps-2018-0001}}

@misc{url,
	author = {Richard Feynman},
	title = {The Feynman Lectures on Physics, Volume III, Chapter 1},
	year = {1964}}

@book{penrose,
	author = {Roger Penrose},
	language = {english},
	publisher = {Oxford University Press},
	title = {The Emperors new Mind},
	year = {1989}}

@book{feynman,
	author = {Richard Feynman},
	title = {The Feynman Lectures on Physics, Volume III, Chapter 1},
	year = {1964}}

@book{nolting,
	author = {Wolfgang Nolting},
	publisher = {Springer Berlin, Heidelberg},
	title = {Grundkurs Theoretische Physik 5/1},
	year = {2002}}

@book{tumulka,
	author = {Roderich Tumulka},
	language = {english},
	publisher = {Springer Berlin, Heidelberg},
	title = {Foundations of Quantum Mechanics},
	year = {2022}}

@phdthesis{dis,
	address = {Bamberg},
	author = {Schadel, Erwin},
	language = {ngerman},
	school = {Universit"at zu W"urzburg},
	title = {A. {A}ugustinus / {D}e {M}agistro -- {E}inf"uhrung, "{U}bersetzung und {K}ommentar},
	year = {1977}}

@article{Brunel1999,
	author = {Nicolar Brunel and Vincent Hakim},
	journal = {Neural Computation},
	language = {english},
	pages = {1621--1671},
	title = {Fast global oscillations in networks of integrate-and-fire neurons with low firing rates},
	volume = {11},
	year = {1999}}

@article{osc,
	author = {Open Science Collaboration},
	journal = {Science},
	number = {6251},
	pages = {aac4716},
	publisher = {American Association for the Advancement of Science},
	title = {Estimating the reproducibility of psychological science},
	volume = {349},
	year = {2015}}

@article{io,
	author = {Ioannidis, John PA},
	journal = {PLoS medicine},
	number = {8},
	pages = {e124},
	publisher = {Public Library of Science},
	title = {Why most published research findings are false},
	volume = {2},
	year = {2005}}

@article{birbaumer,
	author = {Chaudhary, Ujwal and Xia, Bin and Silvoni, Stefano and Cohen, Leonardo G and Birbaumer, Niels},
	journal = {PLoS biology},
	number = {1},
	pages = {e1002593},
	publisher = {Public Library of Science San Francisco, CA USA},
	title = {Brain--computer interface--based communication in the completely locked-in state},
	volume = {15},
	year = {2017}}

@article{spueler,
	author = {Sp{\"u}ler, Martin},
	journal = {PLoS biology},
	number = {4},
	pages = {e2004750},
	publisher = {Public Library of Science San Francisco, CA USA},
	title = {Questioning the evidence for BCI-based communication in the complete locked-in state},
	volume = {17},
	year = {2019}}

@article{gigerenzer,
	author = {Gigerenzer, Gerd and Krauss, Stefan and Vitouch, Oliver},
	journal = {The Sage handbook of quantitative methodology for the social sciences},
	pages = {391--408},
	publisher = {Sage Thousand Oaks, CA},
	title = {The null ritual},
	year = {2004}}

@misc{dfg,
	author = {Deutsche Forschungsgemeinschaft},
	language = {ngerman},
	title = {DFG und Niels Birbaumer beenden Rechtsstreit durch Vergleich},
	url = {www.dfg.de/foerderung/info_wissenschaft/2022/info_wissenschaft_22_29},
	urldate = {2022-04-05},
	year = {2022},
	bdsk-url-1 = {www.dfg.de/foerderung/info_wissenschaft/2022/info_wissenschaft_22_29}}

@misc{wiki,
	author = {{Wikipedia}},
	language = {ngerman},
	title = {Weltformel},
	url = {https://de.wikipedia.org/wiki/Weltformel},
	urldate = {2022-12-07},
	year = {2022},
	bdsk-url-1 = {https://de.wikipedia.org/wiki/Weltformel}}

@article{Slansky:1981yr,
	author = {Slansky, R.},
	doi = {10.1016/0370-1573(81)90092-2},
	journal = {Phys. Rept.},
	pages = {1--128},
	reportnumber = {LA-UR-80-3495},
	title = {{Group Theory for Unified Model Building}},
	volume = {79},
	year = {1981},
	bdsk-url-1 = {https://doi.org/10.1016/0370-1573(81)90092-2}}

@book{platon:0,
	author = {Platon},
	title = {Timaios}}

@book{aristoteles:0,
	author = {Aristoteles},
	title = {De Caelo}}

@book{aristoteles:1,
	author = {Aristoteles},
	title = {Metaphysik}}

@book{philo,
	author = {{Philo von Alexandria}},
	title = {De vita Mosis}}

@article{brachtendorf:2018,
	author = {Brachtendorf, Johannes},
	journal = {Theologie und Philosophie},
	number = {4},
	pages = {481--501},
	publisher = {Herder},
	title = {Augustinus, Stephen Hawking und der Anfang der Zeit},
	volume = {93},
	year = {2018}}

@book{Kepler:2006,
	address = {M{\"u}nchen},
	author = {Johannes Kepler},
	date-modified = {2023-01-03 12:33:42 +0100},
	doi = {10.1524/9783486840728},
	publisher = {Oldenbourg Wissenschaftsverlag},
	title = {Weltharmonik -- Unver{\"a}nderter Nachdruck der Ausgabe von 1939},
	year = {2006},
	bdsk-url-1 = {https://doi.org/10.1524/9783486840728}}

@book{heuser:2005,
	author = {Heuser, Harro},
	date-modified = {2023-01-03 12:49:43 +0100},
	publisher = {Verlag Herder},
	title = {Der Physiker Gottes -- Isaac Newton oder Die Revolution des Denkens},
	year = {2005}}

@book{schilpp:2019,
	author = {Schilpp, Paul Arthur},
	publisher = {Springer-Verlag},
	title = {Albert Einstein als Philosoph und Naturforscher: eine Auswahl},
	year = {2019}}

@article{einstein:1905,
	author = {Einstein, Albert},
	date-modified = {2023-01-03 12:52:34 +0100},
	journal = {Ann. Phys.},
	title = {Zur Elektrodynamik bewegter K{\"o}rper},
	volume = {4},
	year = {1905}}

@artice{einstein:1923,
	author = {Einstein, Albert},
	pages = {81--124},
	publisher = {Springer},
	title = {Die Grundlage der allgemeinen Relativit{\"a}tstheorie},
	year = {1923}}

@article{friedman:1922,
	author = {Friedman, Alexander},
	journal = {Zeitschrift f{\"u}r Physik},
	number = {1},
	pages = {377--386},
	publisher = {Springer-Verlag},
	title = {{\"U}ber die Kr{\"u}mmung des Raumes},
	volume = {10},
	year = {1922}}

@article{hubble:1929,
	author = {Hubble, Edwin},
	date-modified = {2023-01-03 12:48:25 +0100},
	journal = {P. Natl. Acad. Sci. USA},
	number = {3},
	pages = {168--173},
	publisher = {National Acad Sciences},
	title = {A relation between distance and radial velocity among extra-galactic nebulae},
	volume = {15},
	year = {1929}}

@article{hawking:1970,
	author = {Hawking, Stephen William and Penrose, Roger},
	date-modified = {2023-01-03 12:46:10 +0100},
	journal = {P. Roy. Soc. Lond. A Mat.},
	pages = {529--548},
	publisher = {The Royal Society London},
	title = {The singularities of gravitational collapse and cosmology},
	volume = {314},
	year = {1970}}

@book{hawking:2001,
	author = {Hawking, Stephen W and Kober, Hainer and P{\"o}ssel, Markus},
	date-modified = {2023-01-03 12:49:23 +0100},
	publisher = {Hoffmann und Campe },
	title = {Das Universum in der Nussschale},
	year = {2001}}

@book{hawking:2011,
	author = {Hawking, Stephen},
	date-modified = {2023-01-03 12:49:14 +0100},
	publisher = {Rowohlt Verlag},
	title = {Eine kurze Geschichte der Zeit},
	year = {2011}}

@book{Kurzweil2005-gi,
	author = {Kurzweil, Ray},
	language = {en},
	title = {The singularity is near: When humans transcend biology},
	year = 2005}

@misc{leangptf,
	author = {Han, Jesse Michael and Rute, Jason and Wu, Yuhuai and Ayers, Edward W. and Polu, Stanislas},
	copyright = {Creative Commons Attribution Share Alike 4.0 International},
	doi = {10.48550/ARXIV.2102.06203},
	keywords = {Artificial Intelligence (cs.AI), Machine Learning (cs.LG), Logic in Computer Science (cs.LO), FOS: Computer and information sciences, FOS: Computer and information sciences},
	publisher = {arXiv},
	title = {Proof Artifact Co-training for Theorem Proving with Language Models},
	url = {https://arxiv.org/abs/2102.06203},
	year = {2021},
	bdsk-url-1 = {https://arxiv.org/abs/2102.06203},
	bdsk-url-2 = {https://doi.org/10.48550/ARXIV.2102.06203}}

@article{Commelin_2022,
	author = {Johan Commelin},
	date-modified = {2023-01-03 13:07:08 +0100},
	doi = {doi:10.1515/dmvm-2022-0058},
	journal = {DMV-Mitteilungen},
	lastchecked = {2022-10-16},
	number = {3},
	pages = {166--170},
	title = {Liquid Tensor Experiment},
	volume = {30},
	year = {2022},
	bdsk-url-1 = {https://doi.org/10.1515/dmvm-2022-0058}}

@article{Scholze_2021,
	author = {Peter Scholze},
	date-modified = {2023-01-03 13:09:49 +0100},
	doi = {10.1080/10586458.2021.1926016},
	journal = {Exp. Math. },
	number = {2},
	pages = {349--354},
	title = {Liquid Tensor Experiment},
	volume = {31},
	year = {2022},
	bdsk-url-1 = {https://doi.org/10.1080/10586458.2021.1926016}}

@inproceedings{Han_2020,
	author = {Jesse Michael Han and Floris van Doorn},
	booktitle = {Proceedings of the 9th {ACM} {SIGPLAN} International Conference on Certified Programs and Proofs},
	date-modified = {2023-01-02 18:00:05 +0100},
	doi = {10.1145/3372885.3373826},
	month = {jan},
	publisher = {{ACM}},
	title = {A formal proof of the independence of the continuum hypothesis},
	year = 2020,
	bdsk-url-1 = {https://doi.org/10.1145%2F3372885.3373826},
	bdsk-url-2 = {https://doi.org/10.1145/3372885.3373826}}

@article{Buzzard_2021,
	author = {Kevin Buzzard and Chris Hughes and Kenny Lau and Amelia Livingston and Ramon Fern{\'{a} }ndez Mir and Scott Morrison},
	date-modified = {2023-01-02 17:58:15 +0100},
	doi = {10.1080/10586458.2021.1983489},
	journal = {Experimental Mathematics},
	month = {nov},
	number = {2},
	pages = {355--363},
	publisher = {Informa {UK} Limited},
	title = {Schemes in Lean},
	volume = {31},
	year = 2021,
	bdsk-url-1 = {https://doi.org/10.1080%2F10586458.2021.1983489},
	bdsk-url-2 = {https://doi.org/10.1080/10586458.2021.1983489}}

@inproceedings{Buzzard_2020,
	author = {Kevin Buzzard and Johan Commelin and Patrick Massot},
	booktitle = {Proceedings of the 9th {ACM} {SIGPLAN} International Conference on Certified Programs and Proofs},
	date-modified = {2023-01-02 17:58:06 +0100},
	doi = {10.1145/3372885.3373830},
	month = {jan},
	publisher = {{ACM}},
	title = {Formalising perfectoid spaces},
	year = 2020,
	bdsk-url-1 = {https://doi.org/10.1145%2F3372885.3373830},
	bdsk-url-2 = {https://doi.org/10.1145/3372885.3373830}}

@inproceedings{lean_system_description,
	abstract = {Lean is a new open source theorem prover being developed at Microsoft Research and Carnegie Mellon University, with a small trusted kernel based on dependent type theory. It aims to bridge the gap between interactive and automated theorem proving, by situating automated tools and methods in a framework that supports user interaction and the construction of fully specified axiomatic proofs. Lean is an ongoing and long-term effort, but it already provides many useful components, integrated development environments, and a rich API which can be used to embed it into other systems. It is currently being used to formalize category theory, homotopy type theory, and abstract algebra. We describe the project goals, system architecture, and main features, and we discuss applications and continuing work.},
	address = {Cham},
	author = {de Moura, Leonardo and Kong, Soonho and Avigad, Jeremy and van Doorn, Floris and von Raumer, Jakob},
	booktitle = {Automated Deduction - CADE-25},
	editor = {Felty, Amy P. and Middeldorp, Aart},
	isbn = {978-3-319-21401-6},
	pages = {378--388},
	publisher = {Springer International Publishing},
	title = {The Lean Theorem Prover (System Description)},
	year = {2015}}

@inproceedings{The_mathlib_Community_2020,
	author = {The mathlib Community},
	booktitle = {Proceedings of the 9th {ACM} {SIGPLAN} International Conference on Certified Programs and Proofs},
	date-modified = {2023-01-02 17:59:46 +0100},
	doi = {10.1145/3372885.3373824},
	month = {jan},
	publisher = {{ACM}},
	title = {The lean mathematical library},
	year = 2020,
	bdsk-url-1 = {https://doi.org/10.1145%2F3372885.3373824},
	bdsk-url-2 = {https://doi.org/10.1145/3372885.3373824}}

@misc{enwiki:1109289390,
	author = {{Wikipedia contributors}},
	language = {english},
	title = {Proof assistant --- {Wikipedia}{,} The Free Encyclopedia},
	url = {https://en.wikipedia.org/w/index.php?title=Proof_assistant&oldid=1109289390},
	urldate = {2022-10-15},
	year = {2022},
	bdsk-url-1 = {https://en.wikipedia.org/w/index.php?title=Proof_assistant&oldid=1109289390}}

@url{AlphaGo,
	author = {{Steven Borowiec, Tracey Lien}},
	date-modified = {2023-01-03 09:37:15 +0100},
	language = {english},
	title = {AlphaGo beats human Go champ in milestone for artificial intelligence},
	url = {https://www.latimes.com/world/asia/la-fg-korea-alphago-20160312-story.html},
	urldate = {2022-10-15},
	year = {2016},
	bdsk-url-1 = {https://www.latimes.com/world/asia/la-fg-korea-alphago-20160312-story.html}}

@online{hilbert:1930,
	author = {David Hilbert},
	date = {1930-9-8},
	title = {Radioansprache in K{\"o}nigsberg},
	url = {https://www.youtube.com/watch?v=wuLFqgx2Pec},
	urldate = {2022-09-09},
	year = {1930},
	bdsk-url-1 = {https://www.youtube.com/watch?v=wuLFqgx2Pec}}

@article{goedel:1931,
	author = {G{\"o}del, Kurt},
	date-modified = {2023-01-02 17:27:07 +0100},
	journal = {Monatsh. Math.},
	number = {1},
	pages = {173--198},
	title = {{\"U}ber formal unentscheidbare S{\"a}tze der Principia Mathematica und verwandter Systeme I},
	volume = {38},
	year = {1931}}

@book{reid:1977,
	author = {Reid, Constance and Weyl, Hermann},
	publisher = {Springer},
	title = {Hilbert},
	year = {1977}}

@book{yandell:2001,
	author = {Yandell, Ben},
	publisher = {AK Peters/CRC Press},
	title = {The honors class: Hilbert's problems and their solvers},
	year = {2001}}

@book{russell:1997,
	author = {Whitehead, Alfred North and Russell, Bertrand},
	date-modified = {2023-01-02 17:24:50 +0100},
	publisher = {Cambridge University Press},
	title = {Principia mathematica},
	volume = {2},
	year = {1997}}

@book{tapp:2013,
	author = {Christian Tapp},
	publisher = {Springer},
	title = {An den Grenzen des Endlichen},
	year = {2013}}

@book{landau:1965,
	author = {Landau, Edmund},
	date-modified = {2023-01-02 17:29:19 +0100},
	publisher = {Am. Math. Soc.},
	title = {Grundlagen der Analysis},
	volume = {141},
	year = {1965}}

@book{hinman:2018,
	author = {Hinman, Peter G},
	date-modified = {2023-01-03 12:51:39 +0100},
	publisher = {Springer-Verlag},
	title = {Fundamentals of mathematical logic},
	year = {2018}}

@book{goldstein:2007,
	author = {Rebecca Goldstein},
	isbn = {0393051692},
	publisher = {W. W. Norton \& Company},
	subtitle = {The Proof and Paradox of Kurt G{\"o}del},
	title = {Incompleteness},
	year = {2007}}

@article{diskussion:1930,
	author = {Rudolf Carnap},
	date-modified = {2023-01-02 17:19:46 +0100},
	day = 07,
	month = 09,
	title = {Diskussion zur Grundlegung der Mathematik},
	url = {http://www.psiquadrat.de/downloads/diskussion_mathematik1931.pdf},
	year = 1930,
	bdsk-url-1 = {http://www.psiquadrat.de/downloads/diskussion_mathematik1931.pdf}}

@conference{hilbert:1900,
	author = {David Hilbert},
	title = {Rede zum 2. internationalen Mathematikerkongress},
	year = {1900}}

@book{neumann:17,
	author = {Udo Neumann},
	title = {Klettertraining},
	year = {2017}}

@book{neumann1997lizenz,
	author = {Neumann, Udo and Goddard, Dale},
	publisher = {Neuland Mediaworks},
	title = {Lizenz zum Klettern},
	year = {1997}}

@book{karl:97,
	author = {Karl, Reinhard and Landes, Elmar},
	publisher = {Bruckmann},
	title = {Erlebnis Berg: Zeit zum Atmen},
	year = {1997}}

@incollection{wigner1990unreasonable,
	author = {Wigner, Eugene P},
	booktitle = {Mathematics and Science},
	date-modified = {2023-01-02 17:49:39 +0100},
	pages = {291--306},
	publisher = {World Scientific},
	title = {The unreasonable effectiveness of mathematics in the natural sciences},
	year = {1990}}

@book{nahin2010imaginary,
	author = {Nahin, Paul J},
	date-modified = {2023-01-02 17:48:34 +0100},
	publisher = {Princeton University Press},
	title = {An imaginary tale},
	year = {2010}}

@article{cardano1968ars,
	author = {Cardano, Girolamo and Spon, C},
	journal = {Opera Omnia},
	pages = {221--302},
	title = {Ars magna (1545)},
	volume = {4},
	year = {1968}}

@book{Stewart2015,
	address = {Reinbek bei Hamburg},
	author = {Stewart, Ian},
	isbn = {978-3-644-03001-5},
	publisher = {Rowohlt Verlag GmbH},
	title = {Die letzten R{\"a}tsel der Mathematik},
	year = {2015}}

@book{Alsina2013,
	address = {Wiesbaden},
	author = {Alsina, Claudi AND Nelsen, Roger B.},
	date-modified = {2023-01-02 14:09:38 +0100},
	isbn = {978-3-642-34792-4},
	publisher = {Springer},
	title = {Bezaubernde Beweise -- Eine Reise durch die Eleganz der Mathematik},
	year = {2013}}

@book{Enrique2016,
	address = {Kerkdriel, Niederlande},
	author = {Enrique Graci{\'a}n},
	isbn = {978-90-8998-691-7},
	publisher = {Libero IBP},
	title = {Primzahlen - Ein langer Weg ins Unendliche},
	year = {2016}}

@article{thiele:2003,
	author = {R{\"u}diger Thiele},
	date-modified = {2023-01-02 17:12:30 +0100},
	doi = {10.1080/00029890.2003.11919933},
	journal = {Am. Math. Mon.},
	number = {1},
	pages = {1--24},
	title = {Hilbert's Twenty-Fourth Problem},
	volume = {110},
	year = {2003},
	bdsk-url-1 = {https://doi.org/10.1080/00029890.2003.11919933}}

@article{Kahle2015,
	author = {Reinhard Kahle},
	date-modified = {2023-01-02 13:45:44 +0100},
	doi = {10.1007/s10516-014-9252-9},
	journal = {Axiomathes},
	title = {What is a Proof?},
	year = {2015},
	bdsk-url-1 = {https://doi.org/10.1007/s10516-014-9252-9}}

@article{kahle:2019,
	author = {Reinhard Kahle and In{\^e}s Hipolito},
	date-modified = {2023-01-02 14:44:23 +0100},
	doi = {10.1098/rsta.2018.0040},
	journal = {Philos. T. R. Soc. A},
	keywords = {Philosophical Transactions of the Royal Society A},
	title = {Discussing Hilbert's 24th problem},
	volume = {377},
	year = {2019},
	bdsk-url-1 = {http://doi.org/10.1098/rsta.2018.0040}}

@book{Duden:2013,
	author = {Achim Pollert and Bernd Kirchner and Javier Morato Polzin},
	edition = {5., Auflage},
	isbn = {9783411709656},
	publisher = {Bibliographisches Institut},
	title = {Duden Wirtschaft von A bis Z: Grundlagenwissen f{\"u}r Schule und Studium, Beruf und Alltag},
	year = {2013}}

@book{BontrupMarquardt:2021,
	address = {Berlin, Boston},
	author = {Heinz-J. Bontrup and Ralf-M. Marquardt},
	isbn = {9783110619379},
	lastchecked = {2022-12-06},
	publisher = {De Gruyter Oldenbourg},
	title = {Volkswirtschaftslehre aus orthodoxer und heterodoxer Sicht},
	year = {2021}}

@book{Weiser:2017,
	author = {Wei{\ss}er, Ulfried},
	isbn = {9783732996278},
	publisher = {Frank \& Timme},
	title = {Wirtschaftstheorie ohne Wirklichkeit ? Eine Grundlagenkritik},
	year = {2017}}
